@book{james2013principles,
  title={The principles of psychology},
  author={James, William},
  year={1890},
  publisher={Henry Holt and Company}
}

@article{mareschal2001categorization,
  title={Categorization in infancy},
  author={Mareschal, Denis and Quinn, Paul C},
  journal={Trends in cognitive sciences},
  volume={5},
  number={10},
  pages={443--450},
  year={2001},
  publisher={Elsevier}
}

@article{quinn2000emergence,
  title={The emergence of category representations during infancy: Are separate perceptual and conceptual processes required?},
  author={Quinn, Paul C and Eimas, Peter D},
  journal={Journal of Cognition and development},
  volume={1},
  number={1},
  pages={55--61},
  year={2000},
  publisher={Taylor \& Francis}
}

@article{quinn1997reexamination,
  title={A reexamination of the perceptual-to-conceptual shift in mental representations.},
  author={Quinn, Paul C and Eimas, Peter D},
  journal={Review of General Psychology},
  volume={1},
  number={3},
  pages={271},
  year={1997},
  publisher={Educational Publishing Foundation}
}

@article{quinn2000understanding,
  title={Understanding early categorization: One process or two?},
  author={Quinn, Paul C and Johnson, Mark H and Mareschal, Denis and Rakison, David H and Younger, Barbara A},
  journal={Infancy},
  volume={1},
  number={1},
  pages={111--122},
  year={2000},
  publisher={Wiley Online Library}
}

@article{mandler2000perceptual,
  title={Perceptual and conceptual processes in infancy},
  author={Mandler, Jean M},
  journal={Journal of cognition and development},
  volume={1},
  number={1},
  pages={3--36},
  year={2000},
  publisher={Taylor \& Francis}
}

@article{trauble2007role,
  title={The role of functional information for infant categorization},
  author={Tr{\"a}uble, Birgit and Pauen, Sabina},
  journal={Cognition},
  volume={105},
  number={2},
  pages={362--379},
  year={2007},
  publisher={Elsevier}
}

@article{gelman1986categories,
  title={Categories and induction in young children},
  author={Gelman, Susan A and Markman, Ellen M},
  journal={Cognition},
  volume={23},
  number={3},
  pages={183--209},
  year={1986},
  publisher={Elsevier}
}

@article{bergelson2016seedlings,
  title={Bergelson Seedlings HomeBank Corpus},
  author={Bergelson, Elika},
  year={2016},
  doi={10.21415/T5PK6D}
  }
  
@online{bergelson2016seedlingsdatabrary,
  title={SEEDLingS Corpus},
  author={Bergelson, Elika},
  year={2016},
  url={https://nyu.databrary.org/volume/228},
  urldate={2018-01-26}
 }
@article{gelman1986categories,
  title={Categories and induction in young children},
  author={Gelman, Susan A and Markman, Ellen M},
  journal={Cognition},
  volume={23},
  number={3},
  pages={183--209},
  year={1986},
  publisher={Elsevier}
}

@article{firth1957synopsis,
  title={A synopsis of linguistic theory, 1930-1955},
  author={Firth, John R},
  journal={Studies in linguistic analysis},
  year={1957},
  publisher={Basil Blackwell}
}

@article{harris1954distributional,
  title={Distributional structure},
  author={Harris, Zellig S},
  journal={Word},
  volume={10},
  number={2-3},
  pages={146--162},
  year={1954},
  publisher={Taylor \& Francis}
}

@article{tversky1977features,
  title={Features of similarity.},
  author={Tversky, Amos},
  journal={Psychological review},
  volume={84},
  number={4},
  pages={327},
  year={1977},
  publisher={American Psychological Association}
}

@inproceedings{kemp2005generative,
  title={A generative theory of similarity},
  author={Kemp, Charles and Bernstein, Aaron and Tenenbaum, Joshua B},
  booktitle={Proceedings of the 27th Annual Conference of the Cognitive Science Society},
  pages={1132--1137},
  year={2005}
}

@article{hahn2003similarity,
  title={Similarity as transformation},
  author={Hahn, Ulrike and Chater, Nick and Richardson, Lucy B},
  journal={Cognition},
  volume={87},
  number={1},
  pages={1--32},
  year={2003},
  publisher={Elsevier}
}

@article{edelman1998representation,
  title={Representation is representation of similarities},
  author={Edelman, Shimon},
  journal={Behavioral and Brain Sciences},
  volume={21},
  number={4},
  pages={449--467},
  year={1998},
  publisher={Cambridge University Press}
}

@article{helmholtz1878facts,
  title={The facts of perception},
  author={Helmholtz, Hermann},
  journal={Selected Writings of Hermann Helmholtz},
  pages={1--15},
  year={1878},
  publisher={Wesleyan University Press Middletown, Connecticut}
}

@article{shepard1970second,
  title={Second-order isomorphism of internal representations: Shapes of states},
  author={Shepard, Roger N and Chipman, Susan},
  journal={Cognitive psychology},
  volume={1},
  number={1},
  pages={1--17},
  year={1970},
  publisher={Elsevier}
}

@inproceedings{pennington2014glove,
  title={Glove: Global vectors for word representation},
  author={Pennington, Jeffrey and Socher, Richard and Manning, Christopher},
  booktitle={Proceedings of the 2014 conference on empirical methods in natural language processing (EMNLP)},
  pages={1532--1543},
  year={2014}
}

@inproceedings{szegedy2016rethinking,
  title={Rethinking the inception architecture for computer vision},
  author={Szegedy, Christian and Vanhoucke, Vincent and Ioffe, Sergey and Shlens, Jon and Wojna, Zbigniew},
  booktitle={Proceedings of the IEEE Conference on Computer Vision and Pattern Recognition},
  pages={2818--2826},
  year={2016}
}

@article{ILSVRC15,
Author = {Olga Russakovsky and Jia Deng and Hao Su and Jonathan Krause and Sanjeev Satheesh and Sean Ma and Zhiheng Huang and Andrej Karpathy and Aditya Khosla and Michael Bernstein and Alexander C. Berg and Li Fei-Fei},
Title = {{ImageNet Large Scale Visual Recognition Challenge}},
Year = {2015},
journal   = {International Journal of Computer Vision (IJCV)},
doi = {10.1007/s11263-015-0816-y},
volume={115},
number={3},
pages={211-252}
}

@article{frank2017wordbank,
  title={Wordbank: An open repository for developmental vocabulary data},
  author={Frank, Michael C and Braginsky, Mika and Yurovsky, Daniel and Marchman, Virginia A},
  journal={Journal of child language},
  volume={44},
  number={3},
  pages={677--694},
  year={2017},
  publisher={Cambridge University Press}
}

@article{dale1996lexical,
  title={Lexical development norms for young children},
  author={Dale, Philip S and Fenson, Larry},
  journal={Behavior Research Methods, Instruments, \& Computers},
  volume={28},
  number={1},
  pages={125--127},
  year={1996},
  publisher={Springer}
}

@inproceedings{amatuni2017semantic,
  title={Semantic networks generated from early linguistic input},
  author={Amatuni, Andrei and Bergelson},
  booktitle={Proceedings of the 39th Annual Conference of the Cognitive Science Society},
  pages={1538-1543},
  year={2017}
}

@article{brent2001role,
  title={The role of exposure to isolated words in early vocabulary development},
  author={Brent, Michael R and Siskind, Jeffrey Mark},
  journal={Cognition},
  volume={81},
  number={2},
  pages={B33--B44},
  year={2001},
  publisher={Elsevier}
}

@article{frank2009development,
  title={Development of infantsâ€™ attention to faces during the first year},
  author={Frank, Michael C and Vul, Edward and Johnson, Scott P},
  journal={Cognition},
  volume={110},
  number={2},
  pages={160--170},
  year={2009},
  publisher={Elsevier}
}

@article{rosch1978cognition,
  title={Cognition and categorization},
  author={Rosch, Eleanor and Lloyd, Barbara Bloom},
  year={1978},
  publisher={Citeseer}
}

@article{stager1997infants,
  title={Infants listen for more phonetic detail in speech perception than in word-learning tasks},
  author={Stager, Christine L and Werker, Janet F},
  journal={Nature},
  volume={388},
  number={6640},
  pages={381},
  year={1997},
  publisher={Nature Publishing Group}
}